Symbol,Year,Year End,Share Capital,Face Value,Shares,Equity,Assets,Sales,Interest Ex.,EBT,Net Income,EPS,Dividend %
BAHL,2017,  2017-12-31,  11114.25,  10,  1111.43,  40806.55,  919051.6,  58506.06,  0,  14040.32,  8649.57,  7.78,  30
BAHL,2016,  2077-01-01,  11114.25,  10,  1111.43,  35922.37,  751395.82,  52856.62,  0,  13163.99,  8119.23,  7.31,  35
BAHL,2015,  2015-12-31,  11114.25,  10,  1111.43,  31697.83,  639712.47,  54804.09,  0,  12331.66,  7404.91,  6.66,  35
BAHL,2014,  2014-12-31,  11114.25,  10,  1111.43,  27554.66,  578918.83,  47808.89,  0,  9917.11,  6348.94,  5.71,  30
BAHL,2013,  2013-12-31,  10103.87,  10,  1010.39,  23227.48,  460726.92,  41163.72,  0,  7512.98,  5154.55,  5.1,  20
BAHL,2012,  2012-12-31,  10103.87,  10,  1010.39,  21174.7,  453105.53,  44435.21,  0,  8869.5,  5446.51,  5.39,  30
BAHL,2011,  2011-12-31,  8785.97,  10,  878.6,  17836.76,  384282.47,  39096.76,  0,  7155.34,  4533.48,  5.16,  25
BAHL,2010,  2010-12-31,  7321.64,  10,  732.16,  14706.38,  301552.47,  29604.99,  0,  5656.21,  3602.16,  4.92,  20
BAHL,2009,  2009-12-31,  6101.37,  10,  610.14,  12286.87,  249806.59,  23956.19,  0,  4512.07,  2856.29,  4.68,  20
