Symbol,Year,Year End,Share Capital,Face Value,Shares,Equity,Assets,Sales,Interest Ex.,EBT,Net Income,EPS,Dividend %
FABL,  2017,  2017-12-31,  13197.36,  10,  1319.74,  33661.67,  488026.91,  34405.38,  0,  7269.31,  4514.79,  3.42,  0
FABL,  2016,  2077-01-01,  11997.6,  10,  1199.76,  29141.72,  444464.66,  32968.7,  0,  6658.64,  4301.77,  3.59,  0
FABL,  2015,  2015-12-31,  11997.6,  10,  1199.76,  26058.69,  430072.86,  37876.89,  0,  6920.08,  4222.36,  3.52,  10
FABL,  2014,  2014-12-31,  10432.7,  10,  1043.27,  21832.22,  388125.78,  36686.8,  0,  3551.78,  2476.96,  2.37,  0
FABL,  2013,  2013-12-31,  10432.7,  10,  1043.27,  20587.72,  355279.72,  32316.65,  0,  2160.78,  1849.91,  1.77,  0
FABL,  2012,  2012-12-31,  9273.51,  10,  927.35,  18728.89,  313064.34,  34083.87,  0,  1840.1,  1422.88,  1.53,  0
FABL,  2011,  2011-12-31,  8243.12,  10,  824.31,  17793.43,  292567.84,  32895.82,  0,  1478.09,  1280.3,  1.55,  0
FABL,  2010,  2010-12-31,  7309.09,  10,  730.91,  16642.88,  267320.91,  23722.8,  0,  827.05,  1190.33,  1.63,  0
FABL,  2009,  2009-12-31,  6090.91,  10,  609.09,  11336.15,  180865.41,  19770.94,  0,  1300.5,  1200.16,  1.97,  0
