Symbol,Year,Year End,Share Capital,Face Value,Shares,Equity,Assets,Sales,Interest Ex.,EBT,Net Income,EPS,Dividend %
HMB,  2017,  2017-12-31,  10478.32,  10,  1047.83,  39556.56,  644553.78,  39519.67,  0,  9129.08,  5509.01,  5.26,  30
HMB,  2016,  2077-01-01,  10478.32,  10,  1047.83,  37165.33,  526606.42,  42008.34,  0,  10333.75,  6119.32,  5.84,  30
HMB,  2015,  2015-12-31,  10478.32,  10,  1047.83,  33119.96,  489879.11,  46031.75,  0,  12538.91,  7655.93,  7.31,  40
HMB,  2014,  2014-12-31,  10478.32,  10,  1047.83,  30200.25,  397380.08,  37983.63,  0,  7312.32,  4926.56,  4.7,  25
HMB,  2013,  2013-12-31,  10478.32,  10,  1047.83,  27364.44,  311454.04,  29422.68,  0,  5111.82,  3526.17,  3.37,  20
HMB,  2012,  2012-12-31,  10478.32,  10,  1047.83,  26066.85,  300845.78,  32597.87,  0,  5040.91,  3402.79,  3.25,  20
HMB,  2011,  2011-12-31,  10478.32,  10,  1047.83,  24235.8,  288219.38,  32435.01,  0,  4630.45,  3281.37,  3.13,  15
HMB,  2010,  2010-12-31,  8731.93,  10,  873.19,  20954.43,  252210.66,  27809.38,  0,  4026.34,  2818.04,  3.23,  0
HMB,  2009,  2009-12-31,  7527.53,  10,  752.75,  18889.14,  237412.23,  25078.59,  0,  4213.64,  2739.49,  3.64,  10
