Symbol,Year,Year End,Share Capital,Face Value,Shares,Equity,Assets,Sales,Interest Ex.,EBT,Net Income,EPS,Dividend %
  JSBL,  2017,  2017-12-31,  10724.64,  10,  1072.46,  16179.05,  388308.88,  24432.51,  0,  1620.56,  973.15,  0.91,  0
  JSBL,  2016,  2016-12-31,  10724.64,  10,  1072.46,  15426.7,  264700.49,  19942.28,  0,  3389.94,  2076.62,  1.94,  0
  JSBL,  2015,  2015-12-31,  10724.64,  10,  1072.46,  13567.15,  218475.66,  18617.61,  0,  3173.7,  2025.55,  1.89,  0
  JSBL,  2014,  2014-12-31,  10724.64,  10,  1072.46,  11703.72,  176716.82,  13703.54,  0,  1608.22,  1060.04,  0.99,  0
  JSBL,  2013,  2013-12-31,  10724.64,  10,  1072.46,  9139.04,  112769.97,  8527.78,  0,  501.37,  351.28,  0.33,  0
  JSBL,  2012,  2012-12-31,  10724.64,  10,  1072.46,  8774.48,  81570,  7829.36,  0,  1010.99,  708.18,  0.66,  0
  JSBL,  2011,  2011-12-31,  10002.93,  10,  1000.29,  7505.11,  53920.57,  5074.28,  0,  535.75,  359.69,  0.36,  0
  JSBL,  2010,  2010-12-31,  8149.72,  10,  814.97,  5821.61,  39383.65,  3632.74,  0,  -622.55,  -407.48,  -0.5,  0
  JSBL,  2009,  2009-12-31,  6127.61,  10,  612.76,  5622.45,  32894.92,  2866.77,  0,  -1448.79,  -594.94,  -0.97,  0
