Symbol,Year,Year End,Share Capital,Face Value,Shares,Equity,Assets,Sales,Interest Ex.,EBT,Net Income,EPS,Dividend %
MCB,  2017,  2017-12-31,  11850.6,  10,  1185.06,  136493.13,  1327311.04,  92051.09,  0,  31014.21,  22458.9,  18.95,  160
MCB,  2016,  2016-12-31,  11130.31,  10,  1113.03,  117946.24,  1051813.68,  83643.92,  0,  36074.69,  21890.9,  19.67,  160
MCB,  2015,  2015-12-31,  11130.31,  10,  1113.03,  112903.54,  1016629.65,  97646.94,  0,  42333.26,  25550.99,  22.96,  160
MCB,  2014,  2014-12-31,  11130.31,  10,  1113.03,  106908.18,  934631.48,  90704.03,  0,  36729.45,  24324.76,  21.85,  140
MCB,  2013,  2013-12-31,  10118.46,  10,  1011.85,  97271.72,  815508.38,  76234.76,  0,  32288.21,  21495.34,  21.24,  140
MCB,  2012,  2012-12-31,  9198.6,  10,  919.86,  88156.91,  765899,  77509.52,  0,  32053.74,  20940.7,  22.77,  130
MCB,  2011,  2011-12-31,  8362.37,  10,  836.24,  78915,  653233.25,  76258.78,  0,  31483.18,  19424.91,  23.23,  120
MCB,  2010,  2010-12-31,  7602.15,  10,  760.22,  69180.01,  567552.62,  61086.6,  0,  26253.08,  16873.18,  22.2,  115
MCB,  2009,  2009-12-31,  6911.05,  10,  691.1,  61075.93,  509223.72,  57258.89,  0,  23154.95,  15495.3,  22.42,  110
