Symbol,Year,Year End,Share Capital,Face Value,Shares,Equity,Assets,Sales,Interest Ex.,EBT,Net Income,EPS,Dividend %
  MEBL,  2017,  2017-12-31,  10629.02,  10,  1062.9,  34338.42,  781699.2,  43663.86,  0,  10252.01,  6312.77,  5.94,  30
  MEBL,  2016,  2016-12-31,  10027.38,  10,  1002.74,  28149.07,  657767.1,  37226.82,  0,  8942.84,  5561.61,  5.55,  30
  MEBL,  2015,  2015-12-31,  10027.38,  10,  1002.74,  25556.78,  531849.93,  37710.46,  0,  8451.25,  5022.51,  5.01,  30
  MEBL,  2014,  2014-12-31,  10027.38,  10,  1002.74,  23262.16,  437405.96,  33557.94,  0,  6898.53,  4570.09,  4.56,  27.5
  MEBL,  2013,  2013-12-31,  10027.38,  10,  1002.74,  17908.15,  329724.62,  26672.47,  0,  5646.66,  3956.78,  3.95,  20
  MEBL,  2012,  2012-12-31,  9033.68,  10,  903.37,  15481.74,  274436.5,  24235.56,  0,  5230.23,  3508.12,  3.88,  15
  MEBL,  2011,  2011-12-31,  8029.93,  10,  802.99,  13328.67,  200550.39,  20536.91,  0,  4356.3,  3391.54,  4.22,  10
  MEBL,  2010,  2010-12-31,  6982.55,  10,  698.26,  10740.12,  154752.44,  14765.58,  0,  2126.96,  1649.59,  2.36,  0
  MEBL,  2009,  2009-12-31,  6650.05,  10,  665,  9090.54,  124181.73,  11699.86,  0,  1739.72,  1025.35,  1.54,  0
