Symbol,Year,Year End,Share Capital,Face Value,Shares,Equity,Assets,Sales,Interest Ex.,EBT,Net Income,EPS,Dividend %
  SILK,  2017,  2017-12-31,  90818.61,  10,  9081.86,  13128.62,  166854.53,  14613.74,  0,  1386.55,  1135.29,  0.13,  0
  SILK,  2016,  2016-12-31,  77998.1,  10,  7799.81,  12002.11,  135033.82,  12171.72,  0,  1285.13,  738.55,  0.09,  0
  SILK,  2015,  2015-12-31,  77998.1,  10,  7799.81,  14476.59,  133137.26,  10827.64,  0,  -1839.7,  -1711.6,  -0.22,  0
  SILK,  2014,  2014-12-31,  26716.05,  10,  2671.6,  8367.38,  102649.12,  11149.58,  0,  131.42,  86.86,  0.03,  0
  SILK,  2013,  2013-12-31,  26716.05,  10,  2671.6,  6267.29,  91800.32,  8947,  0,  -1528.08,  -1158.56,  -0.43,  0
  SILK,  2012,  2012-12-31,  26716.05,  10,  2671.61,  5193.76,  89061.57,  9648.23,  0,  -529.27,  -344.27,  -0.13,  0
  SILK,  2011,  2011-12-31,  26716.05,  10,  2671.6,  5515.87,  90670.28,  9232.19,  0,  1358.92,  695.06,  0.26,  0
  SILK,  2010,  2010-12-31,  26716.05,  10,  2671.6,  4817.09,  72603.41,  7960.37,  0,  -1235.55,  -1131.15,  -0.42,  0
  SILK,  2009,  2009-12-31,  9003.15,  10,  900.32,  196.91,  68664.34,  6575.5,  0,  -4252.46,  -2902.91,  -3.22,  0
