Symbol,Year,Year End,Share Capital,Face Value,Shares,Equity,Assets,Sales,Interest Ex.,EBT,Net Income,EPS,Dividend %
SNBL,  2017,  2017-12-31,  11024.64,  10,  1102.46,  16441.71,  322133.98,  21773.82,  0,  2830.97,  1643.33,  1.49,  7.5
SNBL,  2016,  2016-12-31,  11024.64,  10,  1102.46,  15944.77,  278520.71,  20260.64,  0,  3077.34,  1878.84,  1.7,  12.5
SNBL,  2015,  2015-12-31,  11024.64,  10,  1102.46,  15335.96,  253341.83,  21472.52,  0,  3595.61,  2212.77,  2.01,  12.5
SNBL,  2014,  2014-12-31,  11024.64,  10,  1102.46,  14107.37,  213175.31,  19516.37,  0,  2441.9,  1582.06,  1.44,  10
SNBL,  2013,  2013-12-31,  11024.64,  10,  1102.46,  12450.42,  169233.88,  15981.81,  0,  1530.4,  1036.86,  0.94,  0
SNBL,  2012,  2012-12-31,  10022.4,  10,  1002.24,  11399.03,  158618.23,  15925.1,  0,  1722.06,  1104.19,  1.1,  0
SNBL,  2011,  2011-12-31,  9029.19,  10,  902.92,  10236.8,  129732.39,  14850.51,  0,  1078.27,  783.53,  0.87,  0
SNBL,  2010,  2010-12-31,  6023.22,  10,  602.32,  8381.36,  108105.68,  11478.93,  0,  140.45,  125.44,  0.21,  0
SNBL,  2009,  2009-12-31,  5019.35,  10,  501.94,  7181.58,  95310.27,  10505.48,  0,  190.41,  145.36,  0.29,  0
