Symbol,Year,Year End,Share Capital,Face Value,Shares,Equity,Assets,Sales,Interest Ex.,EBT,Net Income,EPS,Dividend %
SCBL,  2017,  2017-12-31,  38715.85,  10,  3871.58,  57335.13,  513548.6,  34999.21,  0,  13453.12,  8245.16,  2.13,  17.5
SCBL,  2016,  2016-12-31,  38715.85,  10,  3871.58,  56871.97,  473331.72,  35557.78,  0,  15344.87,  9617.78,  2.48,  20
SCBL,  2015,  2015-12-31,  38715.85,  10,  3871.58,  55016.16,  447347.79,  40034.68,  0,  15384.62,  9288.43,  2.4,  20
SCBL,  2014,  2014-12-31,  38715.85,  10,  3871.58,  54456.47,  409567.88,  41498.66,  0,  15230.56,  9724.9,  2.51,  22.5
SCBL,  2013,  2013-12-31,  38715.85,  10,  3871.59,  52286.32,  399438.28,  36261.64,  0,  16144.18,  10528.01,  2.72,  24
SCBL,  2012,  2012-12-31,  38715.85,  10,  3871.59,  50330.97,  388872.03,  38449.54,  0,  9108.27,  5910.56,  1.53,  20
SCBL,  2011,  2011-12-31,  38715.85,  10,  3871.59,  51270.44,  356404.88,  38190.32,  0,  8430.7,  5445.69,  1.41,  10
SCBL,  2010,  2010-12-31,  38715.85,  10,  3871.59,  48100.17,  321922.97,  34113.47,  0,  5562.72,  3605.62,  0.93,  6
SCBL,  2009,  2009-12-31,  38715.85,  10,  3871.59,  44665.57,  312874.22,  33536.48,  0,  1266.28,  669.37,  0.17,  0
