Symbol,Year,Year End,Share Capital,Face Value,Shares,Equity,Assets,Sales,Interest Ex.,EBT,Net Income,EPS,Dividend %
  SMBL,  2017,  2017-12-31,  26381.51,  10,  2638.15,  9539.58,  233049.94,  13064.94,  0,  -762.77,  -1146.44,  -0.43,  0
  SMBL,  2016,  2016-12-31,  17786.66,  10,  1778.67,  10559.95,  215022.35,  13754.19,  0,  -1917.71,  -2174.39,  -1.22,  0
  SMBL,  2015,  2015-12-31,  10779.8,  10,  1077.98,  10799.08,  188420.42,  15025.44,  0,  656.12,  217.22,  0.2,  0
  SMBL,  2014,  2014-12-31,  10779.8,  10,  1077.98,  11017.32,  148457.34,  12947.38,  0,  11.92,  229.45,  0.21,  0
  SMBL,  2013,  2013-12-31,  10779.8,  10,  1077.98,  3247.64,  125560.04,  10864.74,  0,  -1407.15,  -1828.22,  -1.7,  0
  SMBL,  2012,  2012-12-31,  10779.8,  10,  1077.98,  2896.91,  134385.2,  11642.19,  0,  -2524.92,  -2734.16,  -2.54,  0
  SMBL,  2011,  2011-12-31,  10779.8,  10,  1077.98,  5508.09,  119752.89,  10275.74,  0,  -3043.1,  -1536.84,  -1.43,  0
  SMBL,  2010,  2010-12-31,  5000,  10,  500,  3743.24,  49891.63,  5085.58,  0,  -549.48,  -322.7,  -0.65,  0
